2108 3616
217 88 722 191 &bononuntio
747 104 820 181 IV.
875 128 917 191 17

155 232 227 303 nire
245 250 301 309 aut
318 229 461 303 admitti.
510 228 577 302 Sed
598 226 677 302 huic
706 218 918 327 disputationi

152 328 247 402 locus
264 328 463 424 praeciditur.
513 329 606 399 Inter
627 329 815 425 lbeologos,
850 351 919 396 ma-

142 428 260 598 Ψ
277 425 738 620 trbtlltbltt
753 425 917 596 „aab

142 610 364 721 'plieationes,
390 648 492 696 nemo
501 622 631 695 uberius
640 549 785 695 tiaditglit.
824 576 912 705 ’Seri

128 786 135 795 .
172 723 328 795 uiinretn
342 721 538 820 praesentem
546 720 747 805 deduceret,
763 722 798 793 δε
816 722 856 792 ad
869 749 910 794 u·
954 806 956 811 ¹

145 746 220 893 lum
243 818 410 895 tranferret
440 821 527 894 han'c
561 821 738 917 Sapientiae
760 841 908 915 partem,

143 940 194 990 ex
206 920 359 993 omnibus
376 919 522 992 Platonis
536 918 691 1015 operibus
709 969 721 1008 ,
755 917 907 992 nondum

147 1023 296 1119 repertus
306 1018 366 1090 est.
414 1018 491 1088 Nec
510 1015 560 1089 est
585 1016 629 1088 de
654 1017 758 1089 nihilo
777 1018 908 1114 querela

142 1115 384 1190 .de.Platonicis
399 1113 607 1211 Philobphis
616 1115 652 1187 ἃ
664 1116 907 1208 interpretibus,

148 1212 243 1284 illum
258 1214 370 1284 locutu
382 1210 661 1298 itatrabtantibus,
688 1214 907 1286 utPlatonenr

149 1334 220 1381 non
238 1310 402 1407 patiantur
416 1309 451 1378 in
467 1308 541 1380 luce
558 1311 702 1383 civilium
715 1336 822 1382 rerum
835 1311 908 1407 spe·

148 1407 231 1483 &ari
248 1440 261 1496 3
296 1405 350 1480 sed
367 1430 425 1504 pet
447 1403 680 1497 transennam,
710 1408 746 1480 &
764 1408 909 1482 obduela

146 1506 268 1580 umbra
283 1506 352 1578 fere
373 1502 557 1577 ostendant.
605 1506 733 1578 Placuit
758 1507 804 1577 illi
831 1507 907 1579 scri-

147 1602 228 1676 bere
242 1605 409 1702 dialogos:
435 1626 534 1700 quem
552 1628 678 1676 morem
690 1608 790 1677 etiam
808 1611 908 1674 Cicero

148 1703 295 1777 imitatus
321 1700 370 1774 est
392 1703 426 1773 in
447 1699 606 1798 plerisque
626 1703 780 1801 operibus
798 1704 907 1801 philo·

144 1799 456 1901 sophicis,&valde
467 1799 627 1899 probavit.

193 1999 339 2072 Platonis
352 1998 484 2095 aequalis
500 1998 536 2072 ὃ(
557 1999 696 2071 aemulus
725 1996 788 2070 fuit
813 2001 905 2074 XE·

144 2096 409 2170 NOPHON
436 2118 576 2196 magnus
599 2095 818 2192 Philosophus
842 2124 904 2172 nec

144 2196 254 2269 minor
272 2195 492 2280 Historicus3
523 2212 595 2267 tum
625 2196 808 2292 Imperator
834 2217 903 2272 tam

139 2294 335 2388 praeclarus,
359 2314 397 2366 ut
410 2290 504 2387 μύριοι
516 2293 585 2385 illi,
601 2291 663 2366 five
674 2295 790 2366 decem
803 2296 904 2371 millia

143 2393 288 2464 militum
306 2392 503 2481 bonorum,
529 2391 647 2490 quibus
665 2391 820 2489 praefuit,
845 2396 903 2467 ad·

143 2488 210 2560 huc
239 2489 341 2562 bodie
374 2490 475 2561 etiam
500 2490 757 2583 proverbialibus
785 2493 904 2589 elogiis

143 2585 368 2660 testimonium
387 2587 416 2659 ei
441 2587 635 2684 perhibeant
653 2587 809 2685 perfeblae
826 2617 902 2684 rga·

146 2687 260 2775 rupina.
309 2686 508 2782 Eloquentia
526 2683 701 2760 suaviffima
718 2686 770 2759 vel
793 2688 904 2779 Apem

141 2785 321 2873 Atticam,
345 2786 398 2859 vel
427 2785 560 2857 Musam
586 2785 732 2857 Atticam
769 2784 902 2859 indicat.

141 2879 230 2957 Non
251 2880 358 2976 reete,
382 2885 568 2982 mopinot,
585 2880 753 3047 llpumilem
772 2880 838 2955 slve
852 2902 903 2956 te·

802 3006 900 3054 nuent
