2108 3616
223 208 769 312 PRrAEFATIO.

54 365 423 507 studiorumque*
458 366 728 469 consensio:
779 377 826 465 &
859 362 919 465 ad
970 378 974 383 ’
1023 370 1030 379 ’

19 589 22 594 -
64 517 393 617 conscientiam
416 524 572 618 Tuam
595 504 783 614 subinde
809 545 918 648 pro-

10 700 14 706 ·
65 670 282 774 vocanti,
303 665 360 761 de
380 662 552 795 judicio
564 657 819 798 affeusuque
834 654 916 757 bo-

64 844 251 922 norum,
287 808 442 911 securo
459 806 545 911 eise
567 807 746 925 licebit3
786 810 916 905 dum⁴

65 957 209 1055 modo
240 964 329 1057 mei
352 958 471 1095 apud
496 966 572 1065 Te
598 954 712 1055 mihi
737 952 914 1055 consilii

49 1110 181 1202 ratio
197 1102 386 1203 constet.
452 1104 526 1205 Ad
539 1104 662 1240 quod
676 1141 731 1199 eo
746 1107 912 1200 minori

52 1257 247 1380 negotio
271 1287 345 1346 me
367 1245 928 1383 perventurumeffeconj
993 1256 998 1265 ’

58 1390 154 1490 fido
184 1468 197 1509 ‚
235 1424 413 1530 quanto
438 1389 550 1495 Tibi
575 1401 653 1489 uni
674 1432 727 1491 ex
763 1400 911 1495 omni-
996 1454 1000 1461 -

58 1536 169 1657 bus,
207 1538 469 1639 familiarius
510 1537 780 1676 interiusque
811 1572 910 1676 per-

57 1674 259 1821 spestum
278 1684 366 1797 est,
406 1683 567 1824 quibus
591 1698 779 1783 omnino
806 1684 908 1784 fa'tis

53 1829 413 1969 prohibeamur,
465 1840 581 1933 intra
632 1830 905 1933 domesticos

52 1985 241 2111 parietes
284 1987 519 2078 continere
538 2047 562 2101 ·‚,
594 2015 720 2116 quae,
760 1979 907 2089 fissfine

51 2125 352 2239 detrimentO,
389 2158 585 2225 attamen
599 2134 671 2223 vix
686 2132 800 2223 citra
824 2162 904 2261 pe·

49 2273 271 2390 riculu'rn,
305 2269 640 2371 existimationis
666 2269 724 2371 ab
747 2307 902 2373 amun-

50 2415 213 2515 tiffimo
243 2429 412 2517 Socero
448 2451 516 2518 tot
540 2420 702 2556 vigiliis
731 2415 902 2519 labori.

50 2557 219 2700 busque
235 2567 439 2667 colleoae
454 2562 755 2699 publicantur.
773 2562 900 2665 Post.

48 2726 187 2844 quum
208 2716 328 2809 enim
351 2711 571 2811 defierunt
605 2717 765 2849 privati
791 2713 899 2845 juris

48 2848 167 2961 effe,
202 2890 299 2990 quae
327 2895 407 2994 per
433 2863 685 2957 amicorum
703 2880 896 2977 monuo,

44 3006 90 3098 in
118 3000 315 3135 plurium
338 3001 573 3104 arbitrium
593 3002 696 3105 sunt
718 3004 894 3128 delata,

474 3146 562 3277 *3
713 3149 718 3159 ’
801 3147 895 3249 edi.
1013 3214 1018 3223 -
