2108 3616
205 175 798 256 nascamusacauV.
849 201 887 278 13
1050 134 1053 141 ’

131 305 232 415 vulgo
245 298 415 416 ¹operiirus
431 302 509 412 ‘ejus
533 298 751 396 adjungitur,
771 301 895 416 ‘invitis
1002 416 1004 420 ι

132 402 373 600 {iiiiii
398 395 896 599 issrsrssirififfluiiniss

135 596 252 672 Aubrii
267 603 363 666 Gracc
381 608 430 665 (ν
445 597 553 665 Latine
568 617 657 666 anno
677 595 777 668 1608.
794 593 896 668 Fran·

137 696 260 770 cofurti
281 691 499 790 publicarunt.

188 887 626 968 THUCYDIDEM
643 890 773 964 censura
785 885 938 965 moro-¹²¹
951 875 1040 952 W

140 987 221 1063 fiore
231 992 352 1064 taxavit
361 992 483 1090 Dioayfl
490 991 767 1085 Halicarnaffenfi53
788 958 974 1065 osten-'im‘

141 1090 265 1164 tatione
290 1090 367 1162 anis
383 1087 588 1177 rhetoricae,
616 1107 766 1184 utputo.
813 1088 903 1183 Qris

138 1190 229 1261 enirn
256 1211 326 1260 non
343 1184 481 1274 videat,
513 1181 627 1256 frustra
654 1185 690 1256 &
715 1183 784 1260 fine
811 1183 904 1258 causa

144 1284 234 1372 dici,
257 1307 333 1378 quae
355 1280 397 1351 de
412 1283 598 1377 argumenti
615 1274 745 1356 delee'u
763 1281 905 1358 afferun-

145 1381 226 1454 tur?
249 1378 432 1476 frequentia
449 1379 636 1448 orationum
656 1403 698 1450 eo
720 1382 829 1452 minus
850 1405 907 1452 ac-

144 1479 246 1552 cusari
262 1475 394 1575 potest,
418 1497 485 1571 quo
502 1474 608 1571 magis
622 1473 689 1546 illae
704 1477 744 1549 ad
764 1476 908 1574 explica·

146 1579 275 1649 tionem
322 1573 467 1646 historiae
496 1570 597 1669 ipsrus
629 1573 907 1648 >accommodatae

147 1673 229 1747 sunt.
276 1670 477 1746 Laudandus
495 1668 543 1742 est
565 1693 647 1768 ergo
664 1678 805 1773 Georgius
818 1675 908 1746 Aca·

147 1778 210 1845 cius
229 1773 393 1860 Eaenckel,
425 1777 463 1842 L.
486 1775 563 1840 Baro
584 1769 811 1863 Hoheneccius,
851 1774 907 1868 qui
920 1767 1036 1857 ming*

148 1896 218 1944 non
238 1889 367 1944 tantum
389 1866 534 1942 versione
548 1868 669 1940 Latina
684 1870 851 1970 eleganti,
871 1871 908 1944 &
919 1845 1025 1986 'Imp'gffl

146 1969 189 2043 ad
210 1971 350 2042 formam
373 1967 505 2041 Liviani
524 1963 588 2039 stili
597 1965 705 2040 effleia
720 1971 810 2043 hunc
819 1969 908 2043 Scri·
939 1943 972 1998 5⁹
995 1968 1002 1983 ’

148 2088 282 2166 ptorem
297 2066 468 2161 adornavit
487 2091 495 2137 :
529 2063 597 2136 Sed
613 2066 649 2136 in
665 2068 755 2139 notis
778 2090 910 2164 quoque

149 2165 286 2238 eruditis
301 2190 320 2238 a
335 2164 485 2263 graviore
501 2161 635 2234 censura
647 2162 840 2262 plerumque
850 2164 911 2240 de·

151 2261 267 2337 fendit.
303 2264 426 2335 Graece
439 2285 518 2333 curn
533 2259 674 2333 Scholiis
687 2264 827 2360 antiquis
840 2289 911 2339 non

153 2360 298 2435 indoffis
321 2360 430 2434 editus
455 2357 502 2431 est
527 2357 758 2458 Thucydides⁴
775 2360 912 2436 Bafiieae

155 2455 912 2650 uurnuraanrranfu

157 2655 283 2727 Graeco
300 2657 408 2729 textui
432 2650 643 2752 postpofita,
674 2662 826 2729 Henricus
847 2663 912 2726 Ste-

151 2752 268 2856 phanus
283 2778 369 2826 anno
399 2760 499 2848 1564.
527 2753 582 2828 vul
627 2755 687 2828 vit.
732 2753 800 2828 Sed
824 2755 912 2827 hanc

159 2849 366 2938 editionem,
399 2851 542 2925 multum
580 2852 727 2949 uperavit
752 2849 913 2947 posterior

158 2947 266 3024 editio
283 2948 500 3052 Stephanica,
524 2950 560 3031 iu
574 2974 667 3048 qua,
697 2947 767 3024 fissa
780 2973 822 3049 pa
848 2952 914 3063 inae

840 3071 914 3139 cre,
