2108 3616
241 201 265 271 6
319 194 383 288 Jo.
409 191 644 271 Herum
671 193 924 267 Boucuuur'

236 315 335 402 vius,
366 313 543 409 diligenter
567 311 766 400 recensitum
786 366 797 400 ,
833 313 1006 410 exquisito

239 413 410 485 Lollianum
428 413 641 507 Hefiodearrm
660 462 671 498 ,
707 413 743 485 &
765 417 920 489 variarum
935 418 1013 485 No-

240 532 339 585 tarum
355 511 467 584 libello
484 514 596 599 auxit,

305 689 444 777 Saecnlo
465 689 762 900 ιιιιὲβιιιβιιιιι
789 709 921 814 natum
1050 768 1052 775 .

590 824 678 874 ulmo.

291 983 719 1063 HIPPOCRATES
748 985 866 1067 Cous,
903 982 1012 1060 diale-

238 1083 302 1158 'uo
317 1084 458 1177 Jonica,
489 1081 611 1180 scripfit
628 1081 728 1155 libros
754 1081 797 1154 de
818 1106 853 1153 re
874 1082 1014 1165 medica

269 1179 536 1258 raestantiffimos:
565 1180 754 1279 tantamque
769 1178 932 1271 doolrinae
948 1209 1014 1256 au.-

243 1208 436 1356 {toritatem
456 1278 567 1354 melus
581 1278 654 1362 est,
691 1280 898 1378 utprinceps
912 1279 949 1353 in
966 1306 1013 1354 eo

245 1403 370 1485 genere
385 1378 427 1451 ab
452 1378 607 1451 omnibus
625 1378 660 1450 in
683 1377 774 1455 hunc
797 1375 895 1490 usque
912 1377 1012 1463 diem

244 1473 438 1553 celebretur.
486 1476 600 1573 Opera
616 1477 709 1573 ejus,
746 1477 894 1572 partium
908 1477 1012 1552 valde

246 1577 282 1649 in
305 1574 444 1648 latinum
466 1572 651 1647 sermonem
669 1572 851 1663 conversa,
882 1573 918 1645 ὃ(
935 1579 1011 1666 ani·

246 1671 527 1748 madverfionibus
545 1671 717 1763 illustrata,
741 1695 803 1745 nec
817 1671 948 1761 fortasse
959 1694 1011 1762 tna

245 1797 324 1851 men
335 1769 407 1860 satis
421 1769 573 1845 exhausta
582 1768 665 1841 sunt.
714 1769 882 1869 Qraedam
895 1771 932 1843 &
945 1773 1013 1863 fal,

244 1870 280 1942 so
298 1872 328 1943 ei
339 1868 535 1942 tribuuntur.
582 1868 802 1965 Conjunelim
814 1868 903 1942 edita
918 1869 1014 1965 fruit,

245 1967 283 2040 &
296 1966 373 2041 alias
389 1968 514 2041 Graece
531 1986 659 2065 tantum
679 2018 691 2056 ,
725 1968 777 2041 vel
795 1969 917 2041 Latine
931 1989 1009 2053 tan-

246 2086 339 2158 tum,
363 2066 623 2139 &commodius
641 2073 735 2159 Grmce
755 2085 801 2141 (ι’
819 2071 927 2140 Latine
943 2077 1009 2140 Ve-

246 2170 334 2239 netiis,
358 2167 457 2260 1588.
483 2191 549 2235 cum
570 2169 663 2235 Notis
682 2158 857 2266 Hieronymi
877 2169 1008 2255 Mercu·

243 2267 340 2360 riqlis.
388 2258 621 2360 Reprodu6la‚
649 2270 780 2337 Genevae.

277 2460 334 2530 -In
350 2457 440 2531 idern
450 2457 605 2532 soeculum
616 2444 772 2559 congruit
795 2462 901 2539 PlN
910 2467 1007 2541 DA.

243 2554 360 2631 RUS
385 2555 554 2642 Thebanus,
578 2559 685 2635 Poeta
705 2560 872 2657 Lyricus:
909 2567 1008 2664 cujus

245 2656 289 2739 de
313 2655 424 2728 multis
453 2654 607 2752 operibus
625 2681 693 2730 non
720 2657 913 2754 supersunt,
937 2666 1007 2740 nisr

243 2756 315 2841 Ode
330 2758 440 2852 aliquot
453 2758 693 2859 Olympicorum,
721 2757 907 2849 Pythiorum,
931 2771 1007 2838 Ne-

243 2880 394 2945 meorum,
418 2852 594 2948 Ijimiorum.
643 2852 825 2952 Majestatis
841 2857 878 2930 &
902 2862 1018 2938 subli·.

244 2954 368 3026 mitatis
394 2952 483 3040 stili,
514 2974 630 3027 omnes
650 2976 804 3040 numeros
829 2948 1007 3060 implevit:

901 3082 1008 3160 argu·
