2108 3616
249 197 276 282 '4
329 173 390 267 Jo.
415 175 651 249 Hurturer
680 178 934 251 Boucuttur

235 316 339 393 ‚tatus
353 294 418 382 est3
444 301 582 396 Hymni,
607 304 848 401 Epigrammata.
870 296 914 368 de
939 298 1019 394 qui·

252 393 315 466 bus
338 396 417 493 jam,
432 396 512 468 olim
540 390 726 469 dubitatum
765 395 821 468 est.
876 393 1019 470 Novam

253 492 433 565 editionem
453 519 528 569 cum
552 488 693 567 S'choliis
712 490 867 568 hactenus
881 493 1021 569 ineditis

252 586 273 665 s
293 588 478 672 dodiffimo
497 599 612 665 Gravia
631 592 854 692 expellamus.

302 789 635 884 HESIODUS‚
658 786 767 887 revera
786 792 884 864 etiam
900 791 1022 864 incar·

256 889 347 961 mine
368 891 447 980 suo,
470 890 512 963 ab
529 891 723 966 Homericis
736 886 896 962 scribendi
915 890 1022 961 tutio·-

255 986 352 1059 nibus
361 990 503 1060 multum
516 984 662 1072 diverso,
688 990 840 1085 princeps
854 986 1023 1060 &auctor

218 1082 221 1086 ’
255 1087 404 1183 exempli
420 1089 477 1159 vix
489 1088 653 1160 imitabilis
663 1084 775 1158 haberi
790 1083 900 1157 debet.
951 1083 1024 1158 Sed

255 1179 381 1256 facilius
401 1186 620 1272 Homerum,
647 1209 745 1280 quam
762 1180 949 1255 Heliodum
970 1185 1025 1255 in·

256 1279 394 1379 telligas.
443 1283 598 1356 Homero
627 1280 774 1379 nuspiam
795 1282 937 1382 propior„
950 1279 1024 1372 est,

255 1402 353 1476 quam
371 1381 407 1454 in
422 1388 505 1451 Scato
517 1384 685 1453 Herculis:
712 1380 851 1478 egregio
867 1377 1026 1476 politices

255 1475 405 1549 militaris
422 1500 651 1552 monumento.
700 1478 898 1574 Qanquam
910 1479 1026 1565 Hefio·

256 1574 296 1644 do
314 1575 413 1648 tribui
428 1577 493 1648 hoc
504 1601 659 1660 carmen,
683 1600 752 1647 non
770 1569 1026 1647 smunteruditi.

257 1675 355 1774 Opera
376 1675 411 1746 &
430 1679 506 1746 Dies
531 1683 543 1768 (
553 1675 577 1748 fi
596 1673 700 1746 modo
711 1693 780 1746 tam
794 1669 881 1746 bene
898 1671 1026 1746 Latine

258 1767 397 1861 sonant,
421 1797 519 1867 quam
539 1775 575 1846 in
594 1774 721 1846 Graeco
741 1769 871 1860 indice,
895 1768 969 1868 332«
997 1774 1026 1872 a}

259 1869 391 1963 inient)
417 1868 600 1945 obscuravit
620 1895 756 1954 arcana,
789 1868 825 1941 &
844 1869 902 1942 vix
916 1869 1025 1944 hodie

257 1963 331 2038 satis
362 1967 492 2041 evoluta
508 1968 657 2043 doctrina
674 2023 686 2055 ‚
709 1969 752 2041 de
768 1966 849 2040 vitae
863 1965 1025 2040 humanae

261 2062 433 2147 aetatibus,
460 2086 597 2140 aetatum
617 2066 781 2165 periodis,
805 2064 1026 2163 periodorum

261 2181 423 2237 contextu
444 2164 481 2237 &
500 2165 579 2239 serie
593 2217 605 2256 ,
639 2167 803 2239 causarum
820 2159 959 2249 fabulari
973 2165 1027 2240 in·

260 2259 397 2333 volucro
414 2263 647 2360 implicitatum
663 2260 802 2352 ordine,
825 2263 859 2333 in
877 2285 946 2358 quo
966 2286 1026 2336 ex·

261 2357 415 2457 plicando
432 2363 489 2434 vix
512 2362 580 2448 est,
604 2382 642 2436 ut
665 2362 766 2435 hodie
790 2361 889 2432 etiam
913 2360 1027 2434 erudi·

263 2453 374 2527 tiffimi
393 2458 604 2535 consentiant.
654 2462 844 2558 Theogonia,
877 2481 951 2552 pars
977 2456 1026 2531 est

262 2552 361 2651 hujus
381 2555 624 2656 philosophiae,
644 2585 754 2658 qux,
788 2554 849 2628 nisi
872 2554 1028 2630 detrudo

262 2649 445 2727 fabularum
456 2659 623 2754 tegmine,
641 2660 682 2732 ad
689 2659 904 2732 humanarum
919 2651 1027 2729 adio-

265 2768 376 2840 num,
401 2753 436 2824 ὃ(
459 2757 622 2852 utriusque
649 2756 793 2830 fortuuae
818 2751 1029 2827 consecutio·

264 2869 344 2919 nem
360 2848 543 2943 referatur,
567 2852 683 2928 mutila
699 2857 760 2928 erit
776 2849 939 2924 Hefiodei
957 2875 1030 2924 car·

267 2947 365 3021 minis
390 2947 608 3046 illatrant,
640 2951 811 3054 minusque
834 2948 965 3023 erudiet
976 2973 1030 3122 bae

873 3073 977 3125 move
1003 3067 1030 3121 rt
