2108 3616
147 209 191 284 'aa
236 205 550 304 JoHnuntct
579 203 831 281 Boncnnnr

145 331 288 430 denique
304 329 482 430 temporis,
495 327 740 402 elaboratissinra
749 328 912 423 scriptura

145 450 383 528 componeret,
400 428 635 527 proximusque
646 429 826 502 Herodoto
837 433 911 505 Hi-

145 527 256 604 storiae
269 527 455 605 condendas
478 525 591 602 audior
622 525 734 601 haberi
761 550 909 602 merere·

24 709 25 714 η
144 643 208 701 tur.

191 827 264 922 Qui
288 823 694 901 HERODOTUM
718 820 908 899 fabulashi·

141 920 251 997 lloriae
271 925 437 999 inseruiffe·
453 925 614 1014 tradunt,
647 941 686 995 ut
705 946 798 995 more
817 924 910 1021 poe'·

140 1023 210 1096 tico
228 1025 367 1127 gratiam
385 1025 478 1124 operi
508 1021 566 1096 suo
594 1021 805 1112 conciliaret,
839 1048 908 1100 nec

140 1121 739 1295 dll‘lzlad‘ldllssllld
747 1119 908 1295 llll

140 1243 272 1430 aliqudq,
292 1338 332 1392 ut
350 1277 521 1418 acceperat
535 1311 662 1410 abiis,
692 1242 833 1415 qdorum
851 1275 905 1394 te:

144 1414 301 1490 sttmonio
313 1416 489 1492 audloritas
506 1420 628 1506 inerat,
652 1441 721 1488 non
739 1417 905 1494 omitten-

100 1559 104 1568 ·
145 1513 188 1587 da
199 1515 379 1613 judicavit,
403 1540 510 1614 neque
529 1535 640 1588 tamen
654 1538 735 1586 vana
747 1512 821 1586 sunt
848 1516 905 1589 so·

144 1616 256 1700 mnu,
282 1636 357 1709 quae
372 1614 476 1713 vulgo
497 1638 558 1711 pro
573 1612 694 1686 ,fabulis
722 1612 905 1689 traducun-

45 1762 52 1777 .
73 1760 81 1777 .
141 1727 206 1783 tur.
251 1712 328 1799 Ita,¹
349 1713 412 1786 ell'e
420 1713 507 1810 apud
524 1711 625 1785 Indos
640 1709 810 1801 formicas,
825 1713 903 1786 vul-

30 1839 37 1856 ‚
142 1808 239 1906 pibus
254 1811 413 1908 majores,
425 1834 543 1883 canum
562 1810 807 1908 magnitudine,
819 1835 902 1885 cum

142 1907 214 1997 ait,
238 1903 351 1979 falsum
375 1907 443 1980 dici
466 1907 654 1980 existimant
672 1908 780 2004 aliqui.
830 1910 900 1985 Sed

42 2068 49 2084 ,
80 2068 86 2082 ,
140 2004 316 2100 Basbequias
337 2006 422 2079 inter
443 2029 576 2078 munera
598 2003 760 2102 superiore
774 2005 901 2082 saeculo

139 2104 325 2178 Turcarum
340 2124 478 2203 tyranno
490 2130 509 2176 a
521 2103 686 2177 Pensatum
703 2127 782 2203 rege
799 2106 902 2180 trans·

140 2202 248 2287 milla,
273 2223 456 2293 memorat,
472 2205 633 2298 formicam
651 2202 809 2287 Indicam,
833 2232 899 2276 ma·

140 2300 249 2371 diocris
267 2307 348 2370 camis
360 2303 583 2400 magnitudine,
607 2299 774 2372 mordacem
791 2303 899 2374 admo-

140 2399 213 2469 dum
231 2416 276 2482 &
286 2403 411 2492 saraam.¹
452 2400 499 2472 Et
514 2401 582 2471 hoc
599 2399 736 2469 tamnus
763 2424 829 2494 quo
854 2426 898 2475 ue

59 2522 67 2541 ·
139 2500 260 2592 repetit
274 2496 325 2568 lib.
345 2523 399 2594 24.
447 2497 552 2596 Cujus
568 2500 698 2595 generis
716 2499 823 2570 multo
870 2500 898 2571 l-

136 2593 173 2668 so
204 2597 352 2671 vanitatis
378 2594 521 2693 suspedta
554 2595 671 2668 insunt.
720 2596 833 2690 Quam
860 2600 898 2672 in

137 2717 208 2767 rem
223 2715 314 2767 extat
336 2699 439 2798 Apulo
460 2701 491 2765 ia
500 2694 610 2794 festiva
625 2698 754 2766 Hemici
773 2695 899 2799 Stepha-

137 2802 179 2866 ni.
226 2794 405 2892 Legendus
416 2723 462 2864 cll
477 2793 616 2864 omnino
633 2794 799 2863 Herodorus
810 2838 821 2872 ,
831 2793 895 2867 nili

136 2895 208 2989 quis
226 2897 318 2964 malit
343 2892 525 2989 antiquiora
541 2889 694 2987 pleraque
723 2893 911 2988 ignorare,

136 3011 192 3067 aut
207 2987 660 3088 undecunqueemendicare.
670 3042 672 3046 ι
684 2995 911 3157 isaraHmpari-

790 3111 833 3163 vu
846 3105 896 3191 go
