2108 3616
113 188 160 264 '60
206 179 267 274 Jo.
293 177 534 271 Hja'rrarcr
563 169 819 252 Borcani:

119 317 174 383 ar.
193 314 261 380 aas.
273 311 333 407 fa.
359 297 560 377 doeriffimus
577 301 647 392 vir,
671 302 728 376 red
741 299 886 404 gavrffi.

120 432 194 482 mos
218 408 254 480 in
271 411 394 486 errores
408 399 583 501 prolaps·
752 410 758 420 '

169 606 205 679 S.
240 598 555 678 GREGORII
590 595 886 687 THAUMA.

120 701 318 778 TURGI
343 721 443 801 opera
457 702 696 771 GaLaaParis.
894 749 896 753 ,

167 894 474 973 CYPRIANI
500 896 884 995 operaErasmusmagni·

119 992 185 1072 fica
199 1021 278 1071 cum
290 998 460 1100 praefatione
475 992 590 1067 edidit.
890 1006 893 1011 “

164 1191 532 1285 ARNOBIUS,
579 1189 655 1264 stilo
681 1189 882 1283 tumidiore,

115 1289 220 1366 multa
249 1291 459 1384 eruditione,
501 1312 615 1365 contra
643 1290 797 1364 ethnicos
820 1314 882 1387 pro

116 1391 255 1464 veritate
274 1388 470 1464 Christianae
488 1390 656 1489 religionis
671 1388 809 1488 scripfit.
833 1388 883 1460 E·

116 1487 204 1562 ditus
227 1494 401 1592 Anrverpiae
424 1492 523 1584 1582.
547 1498 579 1560 in
608 1493 656 1562 8⁰.
681 1496 780 1561 Paris.
814 1512 882 1557 cum

115 1587 253 1658 Heralda'
270 1593 346 1656 Nor.
372 1595 469 1682 1605.
493 1585 530 1658 ab
551 1587 756 1679 Elmenhorssio
775 1592 882 1658 Hane

116 1680 200 1785 burgi
221 1704 317 1780 1510.

163 1878 572 1957 LACTANTIUS
597 1906 640 1954 ex
658 1881 792 1958 officina
810 1888 880 1955 Aa,

115 1974 152 2046 di
166 1982 199 2048 in
220 1980 267 2048 8⁰.
293 1982 384 2072 Bafil.
407 1985 440 2050 in
458 1985 516 2078 fal.
533 1987 629 2052 Paris.
643 1992 743 2079 1563.
770 1984 807 2057 &
820 1985 881 2056 sae·

114 2076 189 2172 pius
211 2074 306 2148 alibi:
332 2075 574 2152 facundiffimus
590 2081 747 2177 scriptor,
773 2081 811 2154 &
828 2080 879 2153 di·

112 2174 256 2273 ligenter
272 2175 457 2274 legendus,
481 2198 553 2251 tum
571 2200 707 2279 propter
725 2179 881 2253 Theolo·
920 2249 923 2256 ,

114 2277 183 2370 giae
200 2273 381 2443 afniversalis
401 2275 628 2375 disciplinam,
651 2299 725 2352 tum
742 2298 879 2377 propter

115 2393 208 2443 mora
221 2395 259 2442 ra.

163 2564 533 2644 ALEXANDRI
574 2572 877 2648 APHRODL

114 2661 288 2738 SlENS
302 2668 349 2740 [S
384 2669 536 2766 pleraque
563 2671 645 2740 edita
660 2671 728 2766 fiant
754 2677 875 2743 Floren-

112 2766 174 2846 tia,
201 2770 359 2856 Veneriis,
390 2771 511 2855 Parifiis
536 2769 572 2840 &
587 2767 675 2840 aiibi.
725 2770 873 2848 Graecea

120 2865 141 2908 ³*
165 2859 305 2944 seorsum
320 2867 451 2944 Latine.
473 2892 505 2937 v.
526 2863 636 2944 Labbae.
654 2869 692 2944 de
710 2873 875 2973 interpreti·

192 2961 301 3056 risiot.
